@Book{cormen,
  Title                    = {Introduction to Algorithms},
  Annote                   = {SIGNATUR = 2009-27328},
  Author                   = {Thomas H. Cormen and Charles E. Leiserson and Ronald L. Rivest and Clifford Stein},
  Keywords                 = {FUNDAMENTALS},
  Publisher                = {The MIT Press},
  Year                     = {2009},
  Aquired                  = {2009},
  Place                    = {Favoritenstrasse 9/4th Floor/1863}
}
